<!DOCTYPE html>
<meta charset="utf-8" />
<!-- version 1 -->
<title>[Gen 7] Anything Goes replay: BerBird vs. Rhinobossgamer</title>
<style>
html,body {font-family:Verdana, sans-serif;font-size:10pt;margin:0;padding:0;}body{padding:12px 0;} .battle-log {font-family:Verdana, sans-serif;font-size:10pt;} .battle-log-inline {border:1px solid #AAAAAA;background:#EEF2F5;color:black;max-width:640px;margin:0 auto 80px;padding-bottom:5px;} .battle-log .inner {padding:4px 8px 0px 8px;} .battle-log .inner-preempt {padding:0 8px 4px 8px;} .battle-log .inner-after {margin-top:0.5em;} .battle-log h2 {margin:0.5em -8px;padding:4px 8px;border:1px solid #AAAAAA;background:#E0E7EA;border-left:0;border-right:0;font-family:Verdana, sans-serif;font-size:13pt;} .battle-log .chat {vertical-align:middle;padding:3px 0 3px 0;font-size:8pt;} .battle-log .chat strong {color:#40576A;} .battle-log .chat em {padding:1px 4px 1px 3px;color:#000000;font-style:normal;} .chat.mine {background:rgba(0,0,0,0.05);margin-left:-8px;margin-right:-8px;padding-left:8px;padding-right:8px;} .spoiler {color:#BBBBBB;background:#BBBBBB;padding:0px 3px;} .spoiler:hover, .spoiler:active, .spoiler-shown {color:#000000;background:#E2E2E2;padding:0px 3px;} .spoiler a {color:#BBBBBB;} .spoiler:hover a, .spoiler:active a, .spoiler-shown a {color:#2288CC;} .chat code, .chat .spoiler:hover code, .chat .spoiler:active code, .chat .spoiler-shown code {border:1px solid #C0C0C0;background:#EEEEEE;color:black;padding:0 2px;} .chat .spoiler code {border:1px solid #CCCCCC;background:#CCCCCC;color:#CCCCCC;} .battle-log .rated {padding:3px 4px;} .battle-log .rated strong {color:white;background:#89A;padding:1px 4px;border-radius:4px;} .spacer {margin-top:0.5em;} .message-announce {background:#6688AA;color:white;padding:1px 4px 2px;} .message-announce a, .broadcast-green a, .broadcast-blue a, .broadcast-red a {color:#DDEEFF;} .broadcast-green {background-color:#559955;color:white;padding:2px 4px;} .broadcast-blue {background-color:#6688AA;color:white;padding:2px 4px;} .infobox {border:1px solid #6688AA;padding:2px 4px;} .infobox-limited {max-height:200px;overflow:auto;overflow-x:hidden;} .broadcast-red {background-color:#AA5544;color:white;padding:2px 4px;} .message-learn-canlearn {font-weight:bold;color:#228822;text-decoration:underline;} .message-learn-cannotlearn {font-weight:bold;color:#CC2222;text-decoration:underline;} .message-effect-weak {font-weight:bold;color:#CC2222;} .message-effect-resist {font-weight:bold;color:#6688AA;} .message-effect-immune {font-weight:bold;color:#666666;} .message-learn-list {margin-top:0;margin-bottom:0;} .message-throttle-notice, .message-error {color:#992222;} .message-overflow, .chat small.message-overflow {font-size:0pt;} .message-overflow::before {font-size:9pt;content:'...';} .subtle {color:#3A4A66;}
</style>
<div class="wrapper replay-wrapper" style="max-width:1180px;margin:0 auto">
<input type="hidden" name="replayid" value="gen7anythinggoes-1627851930-8akp0jj0re4wocs5gl36x81pk3oyko1pw" />
<div class="battle"></div><div class="battle-log"></div><div class="replay-controls"></div><div class="replay-controls-2"></div>
<h1 style="font-weight:normal;text-align:center"><strong>[Gen 7] Anything Goes</strong><br /><a href="http://pokemonshowdown.com/users/berbird" class="subtle" target="_blank">BerBird</a> vs. <a href="http://pokemonshowdown.com/users/rhinobossgamer" class="subtle" target="_blank">Rhinobossgamer</a></h1>
<script type="text/plain" class="battle-log-data">|j|☆BerBird

|j|☆Rhinobossgamer
|t:|1659106350
|gametype|singles
|player|p1|BerBird|265|1077
|player|p2|Rhinobossgamer|steven|1046
|teamsize|p1|6
|teamsize|p2|6
|gen|7
|tier|[Gen 7] Anything Goes
|rated|
|rule|HP Percentage Mod: HP is shown in percentages
|rule|Endless Battle Clause: Forcing endless battles is banned
|clearpoke
|poke|p1|Aron, L1, F|item
|poke|p1|Zeraora|item
|poke|p1|Whimsicott, F|item
|poke|p1|Dragonite, F|item
|poke|p1|Gliscor, M|item
|poke|p1|Ninjask, F|item
|poke|p2|Greninja, M|item
|poke|p2|Gengar, M|item
|poke|p2|Volcarona, M|item
|poke|p2|Heracross, F|item
|poke|p2|Metagross|item
|poke|p2|Manaphy|item
|teampreview
|
|t:|1659106356
|start
|switch|p1a: Aron|Aron, L1, F|12\/12
|switch|p2a: Gengar|Gengar, M|100\/100
|turn|1
|
|t:|1659106368
|switch|p1a: Whimsicott|Whimsicott, F|324\/324
|move|p2a: Gengar|Shadow Ball|p1a: Whimsicott
|-damage|p1a: Whimsicott|147\/324
|-unboost|p1a: Whimsicott|spd|1
|-damage|p2a: Gengar|91\/100|[from] item: Life Orb
|
|-heal|p1a: Whimsicott|167\/324|[from] item: Leftovers
|upkeep
|turn|2
|
|t:|1659106381
|move|p1a: Whimsicott|Substitute|p1a: Whimsicott
|-start|p1a: Whimsicott|Substitute
|-damage|p1a: Whimsicott|86\/324
|move|p2a: Gengar|Thunderbolt|p1a: Whimsicott
|-resisted|p1a: Whimsicott
|-end|p1a: Whimsicott|Substitute
|-damage|p2a: Gengar|81\/100|[from] item: Life Orb
|
|-heal|p1a: Whimsicott|106\/324|[from] item: Leftovers
|upkeep
|turn|3
|
|t:|1659106391
|move|p1a: Whimsicott|Substitute|p1a: Whimsicott
|-start|p1a: Whimsicott|Substitute
|-damage|p1a: Whimsicott|25\/324
|move|p2a: Gengar|Focus Blast|p1a: Whimsicott|[miss]
|-miss|p2a: Gengar|p1a: Whimsicott
|
|-heal|p1a: Whimsicott|45\/324|[from] item: Leftovers
|upkeep
|turn|4
|
|t:|1659106401
|move|p1a: Whimsicott|Leech Seed|p2a: Gengar
|-start|p2a: Gengar|move: Leech Seed
|move|p2a: Gengar|Shadow Ball|p1a: Whimsicott
|-crit|p1a: Whimsicott
|-end|p1a: Whimsicott|Substitute
|-damage|p2a: Gengar|71\/100|[from] item: Life Orb
|
|-heal|p1a: Whimsicott|65\/324|[from] item: Leftovers
|-damage|p2a: Gengar|58\/100|[from] Leech Seed|[of] p1a: Whimsicott
|-heal|p1a: Whimsicott|97\/324|[silent]
|upkeep
|turn|5
|
|t:|1659106414
|move|p1a: Whimsicott|Substitute|p1a: Whimsicott
|-start|p1a: Whimsicott|Substitute
|-damage|p1a: Whimsicott|16\/324
|move|p2a: Gengar|Shadow Ball|p1a: Whimsicott
|-end|p1a: Whimsicott|Substitute
|-damage|p2a: Gengar|48\/100|[from] item: Life Orb
|
|-heal|p1a: Whimsicott|36\/324|[from] item: Leftovers
|-damage|p2a: Gengar|36\/100|[from] Leech Seed|[of] p1a: Whimsicott
|-heal|p1a: Whimsicott|68\/324|[silent]
|upkeep
|turn|6
|
|t:|1659106435
|switch|p1a: Dragonite|Dragonite, F|386\/386
|move|p2a: Gengar|Shadow Ball|p1a: Dragonite
|-damage|p1a: Dragonite|320\/386
|-unboost|p1a: Dragonite|spd|1
|-damage|p2a: Gengar|26\/100|[from] item: Life Orb
|
|-heal|p1a: Dragonite|344\/386|[from] item: Leftovers
|-damage|p2a: Gengar|14\/100|[from] Leech Seed|[of] p1a: Dragonite
|-heal|p1a: Dragonite|376\/386|[silent]
|upkeep
|turn|7
|
|t:|1659106453
|switch|p2a: Manaphy|Manaphy|100\/100
|move|p1a: Dragonite|Substitute|p1a: Dragonite
|-start|p1a: Dragonite|Substitute
|-damage|p1a: Dragonite|280\/386
|
|-heal|p1a: Dragonite|304\/386|[from] item: Leftovers
|upkeep
|turn|8
|
|t:|1659106462
|move|p2a: Manaphy|Blizzard|p1a: Dragonite|[miss]
|-miss|p2a: Manaphy|p1a: Dragonite
|move|p1a: Dragonite|Thunder Wave|p2a: Manaphy|[miss]
|-miss|p1a: Dragonite|p2a: Manaphy
|
|-heal|p1a: Dragonite|328\/386|[from] item: Leftovers
|upkeep
|turn|9
|
|t:|1659106474
|move|p2a: Manaphy|Liquidation|p1a: Dragonite
|-resisted|p1a: Dragonite
|-activate|p1a: Dragonite|move: Substitute|[damage]
|move|p1a: Dragonite|Thunder Wave|p2a: Manaphy
|-status|p2a: Manaphy|par
|
|-heal|p1a: Dragonite|352\/386|[from] item: Leftovers
|upkeep
|turn|10
|
|t:|1659106484
|move|p2a: Manaphy|Aqua Ring|p2a: Manaphy
|-start|p2a: Manaphy|Aqua Ring
|move|p1a: Dragonite|Dragon Tail|p2a: Manaphy
|-damage|p2a: Manaphy|73\/100 par
|drag|p2a: Heracross|Heracross, F|100\/100
|
|-heal|p1a: Dragonite|376\/386|[from] item: Leftovers
|upkeep
|turn|11
|
|t:|1659106497
|move|p2a: Heracross|Protect|p2a: Heracross
|-singleturn|p2a: Heracross|Protect
|move|p1a: Dragonite|Dragon Tail|p2a: Heracross
|-activate|p2a: Heracross|move: Protect
|
|-heal|p1a: Dragonite|386\/386|[from] item: Leftovers
|upkeep
|turn|12
|
|t:|1659106507
|move|p2a: Heracross|Megahorn|p1a: Dragonite
|-resisted|p1a: Dragonite
|-end|p1a: Dragonite|Substitute
|move|p1a: Dragonite|Thunder Wave|p2a: Heracross
|-status|p2a: Heracross|par
|
|upkeep
|turn|13
|
|t:|1659106515
|move|p1a: Dragonite|Substitute|p1a: Dragonite
|-start|p1a: Dragonite|Substitute
|-damage|p1a: Dragonite|290\/386
|cant|p2a: Heracross|par
|
|-heal|p1a: Dragonite|314\/386|[from] item: Leftovers
|upkeep
|turn|14
|
|t:|1659106523
|move|p2a: Heracross|Counter||[still]
|-fail|p2a: Heracross
|move|p1a: Dragonite|Dragon Tail|p2a: Heracross|[miss]
|-miss|p1a: Dragonite|p2a: Heracross
|
|-heal|p1a: Dragonite|338\/386|[from] item: Leftovers
|upkeep
|turn|15
|
|t:|1659106532
|move|p2a: Heracross|Megahorn|p1a: Dragonite
|-resisted|p1a: Dragonite
|-end|p1a: Dragonite|Substitute
|move|p1a: Dragonite|Dragon Tail|p2a: Heracross
|-damage|p2a: Heracross|65\/100 par
|drag|p2a: Greninja|Greninja, M|100\/100
|
|-heal|p1a: Dragonite|362\/386|[from] item: Leftovers
|upkeep
|turn|16
|
|t:|1659106547
|move|p2a: Greninja|Extrasensory|p1a: Dragonite
|-damage|p1a: Dragonite|275\/386
|move|p1a: Dragonite|Substitute|p1a: Dragonite
|-start|p1a: Dragonite|Substitute
|-damage|p1a: Dragonite|179\/386
|
|-heal|p1a: Dragonite|203\/386|[from] item: Leftovers
|upkeep
|turn|17
|
|t:|1659106556
|move|p2a: Greninja|Night Slash|p1a: Dragonite
|-activate|p1a: Dragonite|move: Substitute|[damage]
|move|p1a: Dragonite|Thunder Wave|p2a: Greninja
|-status|p2a: Greninja|par
|
|-heal|p1a: Dragonite|227\/386|[from] item: Leftovers
|upkeep
|turn|18
|
|t:|1659106566
|move|p2a: Greninja|Water Shuriken|p1a: Dragonite
|-resisted|p1a: Dragonite
|-end|p1a: Dragonite|Substitute
|-resisted|p1a: Dragonite
|-damage|p1a: Dragonite|215\/386
|-hitcount|p1a: Dragonite|2
|move|p1a: Dragonite|Roost|p1a: Dragonite
|-heal|p1a: Dragonite|386\/386
|-singleturn|p1a: Dragonite|move: Roost
|
|upkeep
|turn|19
|
|t:|1659106579
|move|p1a: Dragonite|Substitute|p1a: Dragonite
|-start|p1a: Dragonite|Substitute
|-damage|p1a: Dragonite|290\/386
|cant|p2a: Greninja|par
|
|-heal|p1a: Dragonite|314\/386|[from] item: Leftovers
|upkeep
|turn|20
|
|t:|1659106589
|switch|p2a: Volcarona|Volcarona, M|100\/100
|move|p1a: Dragonite|Dragon Tail|p2a: Volcarona
|-damage|p2a: Volcarona|60\/100
|drag|p2a: Gengar|Gengar, M|14\/100
|
|-heal|p1a: Dragonite|338\/386|[from] item: Leftovers
|upkeep
|turn|21
|
|t:|1659106601
|move|p2a: Gengar|Focus Blast|p1a: Dragonite
|-resisted|p1a: Dragonite
|-activate|p1a: Dragonite|move: Substitute|[damage]
|-damage|p2a: Gengar|4\/100|[from] item: Life Orb
|move|p1a: Dragonite|Dragon Tail|p2a: Gengar
|-damage|p2a: Gengar|0 fnt
|-start|p1a: Dragonite|Disable|Dragon Tail|[from] ability: Cursed Body|[of] p2a: Gengar
|faint|p2a: Gengar
|
|-heal|p1a: Dragonite|362\/386|[from] item: Leftovers
|upkeep
|
|t:|1659106618
|switch|p2a: Metagross|Metagross, shiny|100\/100
|turn|22
|
|t:|1659106641
|switch|p1a: Zeraora|Zeraora|317\/317
|move|p2a: Metagross|Thunder Punch|p1a: Zeraora
|-immune|p1a: Zeraora|[from] ability: Volt Absorb
|
|upkeep
|turn|23
|
|t:|1659106651
|switch|p2a: Volcarona|Volcarona, M|60\/100
|move|p1a: Zeraora|Plasma Fists|p2a: Volcarona
|-crit|p2a: Volcarona
|-damage|p2a: Volcarona|0 fnt
|-fieldactivate|move: Ion Deluge
|-hint|Normal-type moves become Electric-type after using Plasma Fists.
|faint|p2a: Volcarona
|
|upkeep
|
|t:|1659106662
|switch|p2a: Heracross|Heracross, F|65\/100 par
|turn|24
|
|t:|1659106674
|move|p1a: Zeraora|Plasma Fists|p2a: Heracross
|-damage|p2a: Heracross|0 fnt
|-fieldactivate|move: Ion Deluge
|-hint|Normal-type moves become Electric-type after using Plasma Fists.
|faint|p2a: Heracross
|
|upkeep
|
|t:|1659106684
|switch|p2a: Metagross|Metagross, shiny|100\/100
|turn|25
|
|t:|1659106689
|move|p1a: Zeraora|Plasma Fists|p2a: Metagross
|-damage|p2a: Metagross|33\/100
|-fieldactivate|move: Ion Deluge
|-hint|Normal-type moves become Electric-type after using Plasma Fists.
|move|p2a: Metagross|Shadow Ball|p1a: Zeraora
|-damage|p1a: Zeraora|244\/317
|-unboost|p1a: Zeraora|spd|1
|
|upkeep
|turn|26
|
|t:|1659106701
|move|p1a: Zeraora|Plasma Fists|p2a: Metagross
|-damage|p2a: Metagross|0 fnt
|-fieldactivate|move: Ion Deluge
|-hint|Normal-type moves become Electric-type after using Plasma Fists.
|faint|p2a: Metagross
|
|upkeep
|
|t:|1659106710
|switch|p2a: Greninja|Greninja, M|100\/100 par
|turn|27
|
|t:|1659106715
|move|p1a: Zeraora|Plasma Fists|p2a: Greninja
|-supereffective|p2a: Greninja
|-crit|p2a: Greninja
|-enditem|p2a: Greninja|Focus Sash
|-damage|p2a: Greninja|1\/100 par
|-fieldactivate|move: Ion Deluge
|-hint|Normal-type moves become Electric-type after using Plasma Fists.
|cant|p2a: Greninja|par
|
|upkeep
|turn|28
|
|t:|1659106727
|switch|p2a: Manaphy|Manaphy|73\/100 par
|move|p1a: Zeraora|Plasma Fists|p2a: Manaphy
|-supereffective|p2a: Manaphy
|-damage|p2a: Manaphy|0 fnt
|-fieldactivate|move: Ion Deluge
|-hint|Normal-type moves become Electric-type after using Plasma Fists.
|faint|p2a: Manaphy
|
|upkeep
|
|t:|1659106737
|switch|p2a: Greninja|Greninja, M|1\/100 par
|turn|29
|
|t:|1659106742
|move|p1a: Zeraora|Plasma Fists|p2a: Greninja
|-supereffective|p2a: Greninja
|-damage|p2a: Greninja|0 fnt
|-fieldactivate|move: Ion Deluge
|-hint|Normal-type moves become Electric-type after using Plasma Fists.
|faint|p2a: Greninja
|
|win|BerBird
|askreg|berbird
|raw|BerBird's rating: 1077 &rarr; <strong>1103<\/strong><br \/>(+26 for winning)
|raw|Rhinobossgamer's rating: 1046 &rarr; <strong>1031<\/strong><br \/>(-15 for losing)
|c|☆Rhinobossgamer|gg
||Ladder isn't responding, score probably updated but might not have (Request timeout).</script>
</div>
<div class="battle-log battle-log-inline"><div class="inner"><div class="battle-options"><div style="padding-top: 3px; padding-right: 3px; text-align: right"><button class="icon button" name="openBattleOptions" title="Options">Battle Options</button></div></div><div class="inner message-log"><div class="chat"><small>☆BerBird and ☆Rhinobossgamer joined</small></div><div class=""><small>Format:</small> <br><strong>[Gen 7] Anything Goes</strong></div><div class="rated"><strong>Rated battle</strong></div><div class=""><small><em>HP Percentage Mod:</em> HP is shown in percentages</small></div><div class=""><small><em>Endless Battle Clause:</em> Forcing endless battles is banned</small></div><div class="chat battle-history"><strong>BerBird's team:</strong> <em style="color:#445566;display:block;">Aron / Zeraora / Whimsicott / Dragonite / Gliscor / Ninjask</em></div><div class="chat battle-history"><strong>Rhinobossgamer's team:</strong> <em style="color:#445566;display:block;">Greninja / Gengar / Volcarona / Heracross / Metagross / Manaphy</em></div><div class="spacer battle-history"><br></div><div class="battle-history">Battle started between BerBird and Rhinobossgamer!<br></div><div class="spacer battle-history"><br></div><div class="battle-history">Go! <strong>Aron</strong>!<br></div><div class="spacer battle-history"><br></div><div class="battle-history">Rhinobossgamer sent out <strong>Gengar</strong>!<br></div><div class="spacer battle-history"><br></div><h2 class="battle-history">Turn 1</h2><div class="spacer battle-history"><br></div><div class="battle-history">Aron, come back!<br></div><div class="battle-history">Go! <strong>Whimsicott</strong>!<br></div><div class="spacer battle-history"><br></div><div class="battle-history">The opposing Gengar used <strong>Shadow Ball</strong>!<br></div><div class="battle-history"><small>(Whimsicott lost <abbr title="−177/324">54.6%</abbr> of its health!)</small><br></div><div class="battle-history"><small>Whimsicott's Sp. Def fell!</small><br></div><div class="battle-history"><small>The opposing Gengar lost some of its HP!</small><br></div><div class="spacer battle-history"><br></div><div class="battle-history"><small>Whimsicott restored a little HP using its Leftovers!</small><br></div><div class="spacer battle-history"><br></div><h2 class="battle-history">Turn 2</h2><div class="spacer battle-history"><br></div><div class="battle-history">Whimsicott used <strong>Substitute</strong>!<br></div><div class="battle-history"><small>Whimsicott put in a substitute!</small><br></div><div class="battle-history"><small>(Whimsicott lost <abbr title="−81/324">25%</abbr> of its health!)</small><br></div><div class="spacer battle-history"><br></div><div class="battle-history">The opposing Gengar used <strong>Thunderbolt</strong>!<br></div><div class="battle-history"><small>It's not very effective...</small><br></div><div class="battle-history"><small>Whimsicott's substitute faded!</small><br></div><div class="battle-history"><small>The opposing Gengar lost some of its HP!</small><br></div><div class="spacer battle-history"><br></div><div class="battle-history"><small>Whimsicott restored a little HP using its Leftovers!</small><br></div><div class="spacer battle-history"><br></div><h2 class="battle-history">Turn 3</h2><div class="spacer battle-history"><br></div><div class="battle-history">Whimsicott used <strong>Substitute</strong>!<br></div><div class="battle-history"><small>Whimsicott put in a substitute!</small><br></div><div class="battle-history"><small>(Whimsicott lost <abbr title="−81/324">25%</abbr> of its health!)</small><br></div><div class="spacer battle-history"><br></div><div class="battle-history">The opposing Gengar used <strong>Focus Blast</strong>!<br></div><div class="battle-history"><small>Whimsicott avoided the attack!</small><br></div><div class="spacer battle-history"><br></div><div class="battle-history"><small>Whimsicott restored a little HP using its Leftovers!</small><br></div><div class="spacer battle-history"><br></div><h2 class="battle-history">Turn 4</h2><div class="spacer battle-history"><br></div><div class="battle-history">Whimsicott used <strong>Leech Seed</strong>!<br></div><div class="battle-history"><small>The opposing Gengar was seeded!</small><br></div><div class="spacer battle-history"><br></div><div class="battle-history">The opposing Gengar used <strong>Shadow Ball</strong>!<br></div><div class="battle-history"><small>A critical hit!</small><br></div><div class="battle-history"><small>Whimsicott's substitute faded!</small><br></div><div class="battle-history"><small>The opposing Gengar lost some of its HP!</small><br></div><div class="spacer battle-history"><br></div><div class="battle-history"><small>Whimsicott restored a little HP using its Leftovers!</small><br></div><div class="battle-history"><small>The opposing Gengar's health is sapped by Leech Seed!</small><br></div><div class="spacer battle-history"><br></div><h2 class="battle-history">Turn 5</h2><div class="spacer battle-history"><br></div><div class="battle-history">Whimsicott used <strong>Substitute</strong>!<br></div><div class="battle-history"><small>Whimsicott put in a substitute!</small><br></div><div class="battle-history"><small>(Whimsicott lost <abbr title="−81/324">25%</abbr> of its health!)</small><br></div><div class="spacer battle-history"><br></div><div class="battle-history">The opposing Gengar used <strong>Shadow Ball</strong>!<br></div><div class="battle-history"><small>Whimsicott's substitute faded!</small><br></div><div class="battle-history"><small>The opposing Gengar lost some of its HP!</small><br></div><div class="spacer battle-history"><br></div><div class="battle-history"><small>Whimsicott restored a little HP using its Leftovers!</small><br></div><div class="battle-history"><small>The opposing Gengar's health is sapped by Leech Seed!</small><br></div><div class="spacer battle-history"><br></div><h2 class="battle-history">Turn 6</h2><div class="spacer battle-history"><br></div><div class="battle-history">Whimsicott, come back!<br></div><div class="battle-history">Go! <strong>Dragonite</strong>!<br></div><div class="spacer battle-history"><br></div><div class="battle-history">The opposing Gengar used <strong>Shadow Ball</strong>!<br></div><div class="battle-history"><small>(Dragonite lost <abbr title="−66/386">17.1%</abbr> of its health!)</small><br></div><div class="battle-history"><small>Dragonite's Sp. Def fell!</small><br></div><div class="battle-history"><small>The opposing Gengar lost some of its HP!</small><br></div><div class="spacer battle-history"><br></div><div class="battle-history"><small>Dragonite restored a little HP using its Leftovers!</small><br></div><div class="battle-history"><small>The opposing Gengar's health is sapped by Leech Seed!</small><br></div><div class="spacer battle-history"><br></div><h2 class="battle-history">Turn 7</h2><div class="spacer battle-history"><br></div><div class="battle-history">Rhinobossgamer withdrew Gengar!<br></div><div class="battle-history">Rhinobossgamer sent out <strong>Manaphy</strong>!<br></div><div class="spacer battle-history"><br></div><div class="battle-history">Dragonite used <strong>Substitute</strong>!<br></div><div class="battle-history"><small>Dragonite put in a substitute!</small><br></div><div class="battle-history"><small>(Dragonite lost <abbr title="−96/386">24.9%</abbr> of its health!)</small><br></div><div class="spacer battle-history"><br></div><div class="battle-history"><small>Dragonite restored a little HP using its Leftovers!</small><br></div><div class="spacer battle-history"><br></div><h2 class="battle-history">Turn 8</h2><div class="spacer battle-history"><br></div><div class="battle-history">The opposing Manaphy used <strong>Blizzard</strong>!<br></div><div class="battle-history"><small>Dragonite avoided the attack!</small><br></div><div class="spacer battle-history"><br></div><div class="battle-history">Dragonite used <strong>Thunder Wave</strong>!<br></div><div class="battle-history"><small>The opposing Manaphy avoided the attack!</small><br></div><div class="spacer battle-history"><br></div><div class="battle-history"><small>Dragonite restored a little HP using its Leftovers!</small><br></div><div class="spacer battle-history"><br></div><h2 class="battle-history">Turn 9</h2><div class="spacer battle-history"><br></div><div class="battle-history">The opposing Manaphy used <strong>Liquidation</strong>!<br></div><div class="battle-history"><small>It's not very effective...</small><br></div><div class="battle-history"><small>The substitute took damage for Dragonite!</small><br></div><div class="spacer battle-history"><br></div><div class="battle-history">Dragonite used <strong>Thunder Wave</strong>!<br></div><div class="battle-history"><small>The opposing Manaphy is paralyzed! It may be unable to move!</small><br></div><div class="spacer battle-history"><br></div><div class="battle-history"><small>Dragonite restored a little HP using its Leftovers!</small><br></div><div class="spacer battle-history"><br></div><h2 class="battle-history">Turn 10</h2><div class="spacer battle-history"><br></div><div class="battle-history">The opposing Manaphy used <strong>Aqua Ring</strong>!<br></div><div class="battle-history"><small>The opposing Manaphy surrounded itself with a veil of water!</small><br></div><div class="spacer battle-history"><br></div><div class="battle-history">Dragonite used <strong>Dragon Tail</strong>!<br></div><div class="battle-history"><small>(The opposing Manaphy lost 27% of its health!)</small><br></div><div class="spacer battle-history"><br></div><div class="battle-history"><strong>Heracross</strong> was dragged out!<br></div><div class="spacer battle-history"><br></div><div class="battle-history"><small>Dragonite restored a little HP using its Leftovers!</small><br></div><div class="spacer battle-history"><br></div><h2 class="battle-history">Turn 11</h2><div class="spacer battle-history"><br></div><div class="battle-history">The opposing Heracross used <strong>Protect</strong>!<br></div><div class="battle-history"><small>The opposing Heracross protected itself!</small><br></div><div class="spacer battle-history"><br></div><div class="battle-history">Dragonite used <strong>Dragon Tail</strong>!<br></div><div class="battle-history"><small>The opposing Heracross protected itself!</small><br></div><div class="spacer battle-history"><br></div><div class="battle-history"><small>Dragonite restored a little HP using its Leftovers!</small><br></div><div class="spacer battle-history"><br></div><h2 class="battle-history">Turn 12</h2><div class="spacer battle-history"><br></div><div class="battle-history">The opposing Heracross used <strong>Megahorn</strong>!<br></div><div class="battle-history"><small>It's not very effective...</small><br></div><div class="battle-history"><small>Dragonite's substitute faded!</small><br></div><div class="spacer battle-history"><br></div><div class="battle-history">Dragonite used <strong>Thunder Wave</strong>!<br></div><div class="battle-history"><small>The opposing Heracross is paralyzed! It may be unable to move!</small><br></div><div class="spacer battle-history"><br></div><h2 class="battle-history">Turn 13</h2><div class="spacer battle-history"><br></div><div class="battle-history">Dragonite used <strong>Substitute</strong>!<br></div><div class="battle-history"><small>Dragonite put in a substitute!</small><br></div><div class="battle-history"><small>(Dragonite lost <abbr title="−96/386">24.9%</abbr> of its health!)</small><br></div><div class="spacer battle-history"><br></div><div class="battle-history">The opposing Heracross is paralyzed! It can't move!<br></div><div class="spacer battle-history"><br></div><div class="battle-history"><small>Dragonite restored a little HP using its Leftovers!</small><br></div><div class="spacer battle-history"><br></div><h2 class="battle-history">Turn 14</h2><div class="spacer battle-history"><br></div><div class="battle-history">The opposing Heracross used <strong>Counter</strong>!<br></div><div class="battle-history"><small>But it failed!</small><br></div><div class="spacer battle-history"><br></div><div class="battle-history">Dragonite used <strong>Dragon Tail</strong>!<br></div><div class="battle-history"><small>The opposing Heracross avoided the attack!</small><br></div><div class="spacer battle-history"><br></div><div class="battle-history"><small>Dragonite restored a little HP using its Leftovers!</small><br></div><div class="spacer battle-history"><br></div><h2 class="battle-history">Turn 15</h2><div class="spacer battle-history"><br></div><div class="battle-history">The opposing Heracross used <strong>Megahorn</strong>!<br></div><div class="battle-history"><small>It's not very effective...</small><br></div><div class="battle-history"><small>Dragonite's substitute faded!</small><br></div><div class="spacer battle-history"><br></div><div class="battle-history">Dragonite used <strong>Dragon Tail</strong>!<br></div><div class="battle-history"><small>(The opposing Heracross lost 35% of its health!)</small><br></div><div class="spacer battle-history"><br></div><div class="battle-history"><strong>Greninja</strong> was dragged out!<br></div><div class="spacer battle-history"><br></div><div class="battle-history"><small>Dragonite restored a little HP using its Leftovers!</small><br></div><div class="spacer battle-history"><br></div><h2 class="battle-history">Turn 16</h2><div class="spacer battle-history"><br></div><div class="battle-history">The opposing Greninja used <strong>Extrasensory</strong>!<br></div><div class="battle-history"><small>(Dragonite lost <abbr title="−87/386">22.5%</abbr> of its health!)</small><br></div><div class="spacer battle-history"><br></div><div class="battle-history">Dragonite used <strong>Substitute</strong>!<br></div><div class="battle-history"><small>Dragonite put in a substitute!</small><br></div><div class="battle-history"><small>(Dragonite lost <abbr title="−96/386">24.9%</abbr> of its health!)</small><br></div><div class="spacer battle-history"><br></div><div class="battle-history"><small>Dragonite restored a little HP using its Leftovers!</small><br></div><div class="spacer battle-history"><br></div><h2 class="battle-history">Turn 17</h2><div class="spacer battle-history"><br></div><div class="battle-history">The opposing Greninja used <strong>Night Slash</strong>!<br></div><div class="battle-history"><small>The substitute took damage for Dragonite!</small><br></div><div class="spacer battle-history"><br></div><div class="battle-history">Dragonite used <strong>Thunder Wave</strong>!<br></div><div class="battle-history"><small>The opposing Greninja is paralyzed! It may be unable to move!</small><br></div><div class="spacer battle-history"><br></div><div class="battle-history"><small>Dragonite restored a little HP using its Leftovers!</small><br></div><div class="spacer battle-history"><br></div><h2 class="battle-history">Turn 18</h2><div class="spacer battle-history"><br></div><div class="battle-history">The opposing Greninja used <strong>Water Shuriken</strong>!<br></div><div class="battle-history"><small>It's not very effective...</small><br></div><div class="battle-history"><small>Dragonite's substitute faded!</small><br></div><div class="battle-history"><small>It's not very effective...</small><br></div><div class="battle-history"><small>(Dragonite lost <abbr title="−12/386">3.1%</abbr> of its health!)</small><br></div><div class="battle-history"><small>The Pokémon was hit 2 times!</small><br></div><div class="spacer battle-history"><br></div><div class="battle-history">Dragonite used <strong>Roost</strong>!<br></div><div class="battle-history"><small>Dragonite had its HP restored.</small><br></div><div class="battle-history"><small>(Dragonite loses Flying type this turn.)</small><br></div><div class="spacer battle-history"><br></div><h2 class="battle-history">Turn 19</h2><div class="spacer battle-history"><br></div><div class="battle-history">Dragonite used <strong>Substitute</strong>!<br></div><div class="battle-history"><small>Dragonite put in a substitute!</small><br></div><div class="battle-history"><small>(Dragonite lost <abbr title="−96/386">24.9%</abbr> of its health!)</small><br></div><div class="spacer battle-history"><br></div><div class="battle-history">The opposing Greninja is paralyzed! It can't move!<br></div><div class="spacer battle-history"><br></div><div class="battle-history"><small>Dragonite restored a little HP using its Leftovers!</small><br></div><div class="spacer battle-history"><br></div><h2 class="battle-history">Turn 20</h2><div class="spacer battle-history"><br></div><div class="battle-history">Rhinobossgamer withdrew Greninja!<br></div><div class="battle-history">Rhinobossgamer sent out <strong>Volcarona</strong>!<br></div><div class="spacer battle-history"><br></div><div class="battle-history">Dragonite used <strong>Dragon Tail</strong>!<br></div><div class="battle-history"><small>(The opposing Volcarona lost 40% of its health!)</small><br></div><div class="spacer battle-history"><br></div><div class="battle-history"><strong>Gengar</strong> was dragged out!<br></div><div class="spacer battle-history"><br></div><div class="battle-history"><small>Dragonite restored a little HP using its Leftovers!</small><br></div><div class="spacer battle-history"><br></div><h2 class="battle-history">Turn 21</h2><div class="spacer battle-history"><br></div><div class="battle-history">The opposing Gengar used <strong>Focus Blast</strong>!<br></div><div class="battle-history"><small>It's not very effective...</small><br></div><div class="battle-history"><small>The substitute took damage for Dragonite!</small><br></div><div class="battle-history"><small>The opposing Gengar lost some of its HP!</small><br></div><div class="spacer battle-history"><br></div><div class="battle-history">Dragonite used <strong>Dragon Tail</strong>!<br></div><div class="battle-history"><small>(The opposing Gengar lost 4% of its health!)</small><br></div><div class="battle-history">[The opposing Gengar's Cursed Body]<br><small>Dragonite's Dragon Tail was disabled!</small><br></div><div class="spacer battle-history"><br></div><div class="battle-history">The opposing Gengar fainted!<br></div><div class="spacer battle-history"><br></div><div class="battle-history"><small>Dragonite restored a little HP using its Leftovers!</small><br></div><div class="spacer battle-history"><br></div><div class="battle-history">Rhinobossgamer sent out <strong>Metagross</strong>!<br></div><div class="spacer battle-history"><br></div><h2 class="battle-history">Turn 22</h2><div class="spacer battle-history"><br></div><div class="battle-history">Dragonite, come back!<br></div><div class="battle-history">Go! <strong>Zeraora</strong>!<br></div><div class="spacer battle-history"><br></div><div class="battle-history">The opposing Metagross used <strong>Thunder Punch</strong>!<br></div><div class="battle-history">[Zeraora's Volt Absorb]<br><small>It doesn't affect Zeraora...</small><br></div><div class="spacer battle-history"><br></div><h2 class="battle-history">Turn 23</h2><div class="spacer battle-history"><br></div><div class="battle-history">Rhinobossgamer withdrew Metagross!<br></div><div class="battle-history">Rhinobossgamer sent out <strong>Volcarona</strong>!<br></div><div class="spacer battle-history"><br></div><div class="battle-history">Zeraora used <strong>Plasma Fists</strong>!<br></div><div class="battle-history"><small>A critical hit!</small><br></div><div class="battle-history"><small>(The opposing Volcarona lost 60% of its health!)</small><br></div><div class="battle-history"><small>A deluge of ions showers the battlefield!</small><br></div><div class="battle-history"><small>(Normal-type moves become Electric-type after using Plasma Fists.)</small><br></div><div class="spacer battle-history"><br></div><div class="battle-history">The opposing Volcarona fainted!<br></div><div class="spacer battle-history"><br></div><div class="battle-history">Rhinobossgamer sent out <strong>Heracross</strong>!<br></div><div class="spacer battle-history"><br></div><h2 class="battle-history">Turn 24</h2><div class="spacer battle-history"><br></div><div class="battle-history">Zeraora used <strong>Plasma Fists</strong>!<br></div><div class="battle-history"><small>(The opposing Heracross lost 65% of its health!)</small><br></div><div class="battle-history"><small>A deluge of ions showers the battlefield!</small><br></div><div class="battle-history"><small>(Normal-type moves become Electric-type after using Plasma Fists.)</small><br></div><div class="spacer battle-history"><br></div><div class="battle-history">The opposing Heracross fainted!<br></div><div class="spacer battle-history"><br></div><div class="battle-history">Rhinobossgamer sent out <strong>Metagross</strong>!<br></div><div class="spacer battle-history"><br></div><h2 class="battle-history">Turn 25</h2><div class="spacer battle-history"><br></div><div class="battle-history">Zeraora used <strong>Plasma Fists</strong>!<br></div><div class="battle-history"><small>(The opposing Metagross lost 67% of its health!)</small><br></div><div class="battle-history"><small>A deluge of ions showers the battlefield!</small><br></div><div class="battle-history"><small>(Normal-type moves become Electric-type after using Plasma Fists.)</small><br></div><div class="spacer battle-history"><br></div><div class="battle-history">The opposing Metagross used <strong>Shadow Ball</strong>!<br></div><div class="battle-history"><small>(Zeraora lost <abbr title="−73/317">23.0%</abbr> of its health!)</small><br></div><div class="battle-history"><small>Zeraora's Sp. Def fell!</small><br></div><div class="spacer battle-history"><br></div><h2 class="battle-history">Turn 26</h2><div class="spacer battle-history"><br></div><div class="battle-history">Zeraora used <strong>Plasma Fists</strong>!<br></div><div class="battle-history"><small>(The opposing Metagross lost 33% of its health!)</small><br></div><div class="battle-history"><small>A deluge of ions showers the battlefield!</small><br></div><div class="battle-history"><small>(Normal-type moves become Electric-type after using Plasma Fists.)</small><br></div><div class="spacer battle-history"><br></div><div class="battle-history">The opposing Metagross fainted!<br></div><div class="spacer battle-history"><br></div><div class="battle-history">Rhinobossgamer sent out <strong>Greninja</strong>!<br></div><div class="spacer battle-history"><br></div><h2 class="battle-history">Turn 27</h2><div class="spacer battle-history"><br></div><div class="battle-history">Zeraora used <strong>Plasma Fists</strong>!<br></div><div class="battle-history"><small>It's super effective!</small><br></div><div class="battle-history"><small>A critical hit!</small><br></div><div class="battle-history"><small>The opposing Greninja hung on using its Focus Sash!</small><br></div><div class="battle-history"><small>(The opposing Greninja lost 99% of its health!)</small><br></div><div class="battle-history"><small>A deluge of ions showers the battlefield!</small><br></div><div class="battle-history"><small>(Normal-type moves become Electric-type after using Plasma Fists.)</small><br></div><div class="spacer battle-history"><br></div><div class="battle-history">The opposing Greninja is paralyzed! It can't move!<br></div><div class="spacer battle-history"><br></div><h2 class="battle-history">Turn 28</h2><div class="spacer battle-history"><br></div><div class="battle-history">Rhinobossgamer withdrew Greninja!<br></div><div class="battle-history">Rhinobossgamer sent out <strong>Manaphy</strong>!<br></div><div class="spacer battle-history"><br></div><div class="battle-history">Zeraora used <strong>Plasma Fists</strong>!<br></div><div class="battle-history"><small>It's super effective!</small><br></div><div class="battle-history"><small>(The opposing Manaphy lost 73% of its health!)</small><br></div><div class="battle-history"><small>A deluge of ions showers the battlefield!</small><br></div><div class="battle-history"><small>(Normal-type moves become Electric-type after using Plasma Fists.)</small><br></div><div class="spacer battle-history"><br></div><div class="battle-history">The opposing Manaphy fainted!<br></div><div class="spacer battle-history"><br></div><div class="battle-history">Rhinobossgamer sent out <strong>Greninja</strong>!<br></div><div class="spacer battle-history"><br></div><h2 class="battle-history">Turn 29</h2><div class="spacer battle-history"><br></div><div class="battle-history">Zeraora used <strong>Plasma Fists</strong>!<br></div><div class="battle-history"><small>It's super effective!</small><br></div><div class="battle-history"><small>(The opposing Greninja lost 1% of its health!)</small><br></div><div class="battle-history"><small>A deluge of ions showers the battlefield!</small><br></div><div class="battle-history"><small>(Normal-type moves become Electric-type after using Plasma Fists.)</small><br></div><div class="spacer battle-history"><br></div><div class="battle-history">The opposing Greninja fainted!<br></div><div class="spacer battle-history"><br></div><div class="battle-history"><strong>BerBird</strong> won the battle!<br></div><div class="chat"><div class="broadcast-blue"><b>Register an account to protect your ladder rating!</b><br><button name="register" value="berbird"><b>Register</b></button></div></div><div class="chat">BerBird's rating: 1077 → <strong>1103</strong><br>(+26 for winning)</div><div class="chat">Rhinobossgamer's rating: 1046 → <strong>1031</strong><br>(-15 for losing)</div><div class="chat chatmessage-rhinobossgamer"><strong style="color:#3b9d90"><small>☆</small><span class="username" data-name="Rhinobossgamer">Rhinobossgamer</span>:</strong> <em>gg</em></div><div class="chat">Ladder isn't responding, score probably updated but might not have (Request timeout).</div></div><div class="inner-preempt message-log"></div></div></div>
</div>
<script>
let daily = Math.floor(Date.now()/1000/60/60/24);document.write('<script src="https://play.pokemonshowdown.com/js/replay-embed.js?version'+daily+'"></'+'script>');
</script>
